<record><leader>00000cas a22000007a 4500</leader><controlfield tag="001">20149417</controlfield><controlfield tag="008">890809d19041908maudn ne      0    0eng d</controlfield><datafield ind1=" " ind2=" " tag="010"><subfield code="a">sn 89062153 </subfield></datafield><datafield ind1=" " ind2=" " tag="040"><subfield code="a">MGN</subfield><subfield code="b">eng</subfield><subfield code="c">MGN</subfield><subfield code="d">OCLCQ</subfield></datafield><datafield ind1=" " ind2=" " tag="042"><subfield code="a">msc</subfield></datafield><datafield ind1="0" ind2=" " tag="130"><subfield code="a">Evening herald (Fall River, Mass. : 1904)</subfield></datafield><datafield ind1="1" ind2="4" tag="245"><subfield code="a">The evening herald.</subfield></datafield><datafield ind1="1" ind2="3" tag="246"><subfield code="a">Fall River daily herald</subfield></datafield><datafield ind1=" " ind2=" " tag="260"><subfield code="a">Fall River, Mass. :</subfield><subfield code="b">[s.n.]</subfield></datafield><datafield ind1=" " ind2=" " tag="300"><subfield code="a">v.</subfield></datafield><datafield ind1=" " ind2=" " tag="310"><subfield code="a">Daily (except Sun.)</subfield></datafield><datafield ind1="0" ind2=" " tag="362"><subfield code="a">Vol. 54 (May 11, 1904)-v. 58 (Apr. 21, 1908).</subfield></datafield><datafield ind1=" " ind2=" " tag="752"><subfield code="a">United States</subfield><subfield code="b">Massachusetts</subfield><subfield code="c">Bristol</subfield><subfield code="d">Fall River.</subfield></datafield><datafield ind1="0" ind2="0" tag="780"><subfield code="t">Fall River daily herald</subfield><subfield code="w">(DLC)sn 83020397</subfield></datafield><datafield ind1="0" ind2="0" tag="785"><subfield code="t">Fall River herald (Fall River, Mass. : 1908)</subfield><subfield code="w">(DLC)sn 89062154</subfield></datafield></record>